<record xmlns="http://www.loc.gov/MARC21/slim" xmlns:xsi="http://www.w3.org/2001/XMLSchema-instance" xsi:schemaLocation="http://www.loc.gov/MARC21/slim http://www.loc.gov/standards/marcxml/schema/MARC21slim.xsd"><leader>01674nam a2200337   4500</leader><controlfield tag="001">001685745</controlfield><controlfield tag="003">NNU</controlfield><controlfield tag="006">m        d        </controlfield><controlfield tag="007">cr cn |||m|||a</controlfield><controlfield tag="008">150223s1965    iq      o     000 0 ararc</controlfield><datafield ind1=" " ind2=" " tag="040"><subfield code="a">NNU</subfield><subfield code="b">eng</subfield><subfield code="c">NNU</subfield></datafield><datafield ind1=" " ind2="4" tag="050"><subfield code="a">AS589</subfield><subfield code="b">.J82</subfield></datafield><datafield ind1=" " ind2=" " tag="066"><subfield code="c">(3</subfield></datafield><datafield ind1=" " ind2=" " tag="090"><subfield code="a">PJ6011.M27</subfield><subfield code="b">J8</subfield></datafield><datafield ind1="1" ind2=" " tag="100"><subfield code="6">880-01</subfield><subfield code="a">Jub&#363;r&#299;, &#699;Abd All&#257;h</subfield></datafield><datafield ind1="1" ind2="3" tag="245"><subfield code="6">880-02</subfield><subfield code="a">al-Majma&#699; al-&#699;Ilm&#299; al-&#699;Ir&#257;q&#299;</subfield><subfield code="h">[electronic resource] :</subfield><subfield code="b">nash&#700;atuh, a&#699;&#7693;&#257;&#700;uh, a&#699;m&#257;luh /</subfield><subfield code="c">ta&#699;l&#299;f &#699;Abd All&#257;h al-Jub&#363;r&#299;.</subfield></datafield><datafield ind1=" " ind2=" " tag="260"><subfield code="6">880-03</subfield><subfield code="a">Baghd&#257;d :</subfield><subfield code="b">Ma&#7789;ba&#699;at al-&#699;&#256;n&#299;,</subfield><subfield code="c">1965.</subfield></datafield><datafield ind1=" " ind2=" " tag="300"><subfield code="a">online resource (188 p.)</subfield></datafield><datafield ind1=" " ind2=" " tag="500"><subfield code="a">"Quddima h&#257;dh&#257; al-kit&#257;b bayna yaday dawrat Majma&#699; al-Lughah al-&#699;Arab&#299;yah al-mun&#699;aqidah f&#299; Baghd&#257;d, 20 Tishr&#299;n al-Th&#257;n&#299;, 1960 M"</subfield></datafield><datafield ind1=" " ind2=" " tag="500"><subfield code="a">Part of the Arabic Collections Online (ACO) project, contributed by New York Univeristy Libraries.</subfield></datafield><datafield ind1=" " ind2=" " tag="533"><subfield code="a">Electronic reproduction.</subfield><subfield code="b">New York, N.Y. :</subfield><subfield code="c">New York University,</subfield><subfield code="d">2015.</subfield><subfield code="5">NNU</subfield></datafield><datafield ind1="2" ind2="0" tag="610"><subfield code="a">Majma&#699; al-&#699;Ilm&#299; al-&#699;Ir&#257;q&#299;.</subfield></datafield><datafield ind1="2" ind2=" " tag="710"><subfield code="a">New York University.</subfield><subfield code="b">Libraries.</subfield></datafield><datafield ind1="0" ind2=" " tag="730"><subfield code="a">Arabic Collections Online.</subfield></datafield><datafield ind1="0" ind2="8" tag="776"><subfield code="i">Print version:</subfield><subfield code="a">Jub&#363;r&#299;, &#699;Abd All&#257;h 880-01</subfield><subfield code="t">al-Majma&#699; al-&#699;Ilm&#299; al-&#699;Ir&#257;q&#299;</subfield><subfield code="w">(NNU)001685745</subfield><subfield code="w">(DLC)ne 66001019</subfield></datafield><datafield ind1="4" ind2="0" tag="856"><subfield code="u">http://hdl.handle.net/2333.1/crjdfpwv</subfield></datafield><datafield ind1="1" ind2=" " tag="880"><subfield code="6">100-01/</subfield><subfield code="a">&#1580;&#1576;&#1608;&#1585;&#1610;&#1548; &#1593;&#1576;&#1583; &#1575;&#1604;&#1604;&#1607;.</subfield></datafield><datafield ind1="1" ind2="2" tag="880"><subfield code="6">245-02/</subfield><subfield code="a">&#1575;&#1604;&#1605;&#1580;&#1605;&#1593; &#1575;&#1604;&#1593;&#1604;&#1605;&#1610; &#1575;&#1604;&#1593;&#1585;&#1575;&#1602;&#1610; :</subfield><subfield code="b">&#1606;&#1588;&#1571;&#1578;&#1607;&#1548; &#1571;&#1593;&#1590;&#1575;&#1572;&#1607;&#1548; &#1571;&#1593;&#1605;&#1575;&#1604;&#1607; /</subfield><subfield code="c">&#1578;&#1571;&#1604;&#1610;&#1601; &#1593;&#1576;&#1583; &#1575;&#1604;&#1604;&#1607; &#1575;&#1604;&#1580;&#1576;&#1608;&#1585;&#1610;.</subfield></datafield><datafield ind1=" " ind2=" " tag="880"><subfield code="6">260-03/</subfield><subfield code="a">&#1576;&#1594;&#1583;&#1575;&#1583; :</subfield><subfield code="b">&#1605;&#1591;&#1576;&#1593;&#1577; &#1575;&#1604;&#1593;&#1575;&#1606;&#1610;&#1548;</subfield><subfield code="c">1965.</subfield></datafield><datafield ind1=" " ind2=" " tag="959"><subfield code="a">NNU</subfield><subfield code="b">WEB</subfield><subfield code="c">GENI</subfield><subfield code="t">0</subfield><subfield code="m">Electronic access</subfield><subfield code="s">01</subfield></datafield><datafield ind1=" " ind2=" " tag="999"><subfield code="i">NNU_001685745</subfield><subfield code="s">nyu_aco000204</subfield></datafield></record>